@article{bhatia2016automatic,
	title={Automatic labelling of topics with neural embeddings},
	author={Bhatia, Shraey and Lau, Jey Han and Baldwin, Timothy},
	journal={arXiv preprint arXiv:1612.05340},
	year={2016}
}

@article{blei2003latent,
	title={Latent dirichlet allocation},
	author={Blei, David M and Ng, Andrew Y and Jordan, Michael I},
	journal={Journal of machine Learning research},
	volume={3},
	number={Jan},
	pages={993--1022},
	year={2003}
}

@article{chabchoub2018ficlone,
	title={FICLONE: improving DBpedia spotlight using named entity recognition and collective disambiguation},
	author={Chabchoub, Mohamed and Gagnon, Michel and Zouaq, Amal},
	journal={Open Journal of Semantic Web (OJSW)},
	volume={5},
	number={1},
	pages={12--28},
	year={2018},
	publisher={RonPub}
}

@article{chen2016survey,
	title={A survey on the use of topic models when mining software repositories},
	author={Chen, Tse-Hsun and Thomas, Stephen W and Hassan, Ahmed E},
	journal={Empirical Software Engineering},
	volume={21},
	number={5},
	pages={1843--1919},
	year={2016},
	publisher={Springer}
}

@inproceedings{cimiano2015linked,
	title={Linked terminologies: applying linked data principles to terminological resources},
	author={Cimiano, Philipp and McCrae, John P and Rodr{\'\i}guez-Doncel, V{\'\i}ctor and Gornostay, Tatiana and G{\'o}mez-P{\'e}rez, Asunci{\'o}n and Siemoneit, Benjamin and Lagzdins, Andis},
	booktitle={Proceedings of the eLex 2015 Conference},
	pages={504--517},
	year={2015}
}

@article{cimiano2016lexicon,
	title={Lexicon model for ontologies: Community report},
	author={Cimiano, Philipp and McCrae, John P and Buitelaar, Paul},
	journal={W3C Ontology-Lexicon Community Group},
	year={2016}
}

@article{deerwester1990indexing,
	title={Indexing by latent semantic analysis},
	author={Deerwester, Scott and Dumais, Susan T and Furnas, George W and Landauer, Thomas K and Harshman, Richard},
	journal={Journal of the American society for information science},
	volume={41},
	number={6},
	pages={391--407},
	year={1990},
	publisher={Wiley Online Library}
}

@article{gallagher2017anchored,
	title={Anchored correlation explanation: Topic modeling with minimal domain knowledge},
	author={Gallagher, Ryan J and Reing, Kyle and Kale, David and Ver Steeg, Greg},
	journal={Transactions of the Association for Computational Linguistics},
	volume={5},
	pages={529--542},
	year={2017},
	publisher={MIT Press}
}

@article{hofmann2013probabilistic,
	title={Probabilistic latent semantic analysis},
	author={Hofmann, Thomas},
	journal={arXiv preprint arXiv:1301.6705},
	year={2013}
}

@article{hyvarinen2000independent,
	title={Independent component analysis: algorithms and applications},
	author={Hyv{\"a}rinen, Aapo and Oja, Erkki},
	journal={Neural networks},
	volume={13},
	number={4-5},
	pages={411--430},
	year={2000},
	publisher={Elsevier}
}

@article{jelodar2019natural,
	title={Natural Language Processing via LDA Topic Model in Recommendation Systems},
	author={Jelodar, Hamed and Wang, Yongli and Rabbani, Mahdi and Ayobi, SeyedValyAllah},
	journal={arXiv preprint arXiv:1909.09551},
	year={2019}
}

@article{jelodar2019latent,
	title={Latent Dirichlet Allocation (LDA) and Topic modeling: models, applications, a survey},
	author={Jelodar, Hamed and Wang, Yongli and Yuan, Chi and Feng, Xia and Jiang, Xiahui and Li, Yanchao and Zhao, Liang},
	journal={Multimedia Tools and Applications},
	volume={78},
	number={11},
	pages={15169--15211},
	year={2019},
	publisher={Springer}
}

@article{lewis2019bart,
	title={Bart: Denoising sequence-to-sequence pre-training for natural language generation, translation, and comprehension},
	author={Lewis, Mike and Liu, Yinhan and Goyal, Naman and Ghazvininejad, Marjan and Mohamed, Abdelrahman and Levy, Omer and Stoyanov, Ves and Zettlemoyer, Luke},
	journal={arXiv preprint arXiv:1910.13461},
	year={2019}
}

@inproceedings{budanitsky2001semantic,
	title={Semantic distance in WordNet: An experimental, application-oriented evaluation of five measures},
	author={Budanitsky, Alexander and Hirst, Graeme}
}

@inproceedings{hellmann2013integrating,
	title={Integrating NLP using linked data},
	author={Hellmann, Sebastian and Lehmann, Jens and Auer, S{\"o}ren and Br{\"u}mmer, Martin},
	booktitle={International semantic web conference},
	pages={98--113},
	year={2013},
	organization={Springer}
}

@inproceedings{hulpus2013unsupervised,
	title={Unsupervised graph-based topic labelling using dbpedia},
	author={Hulpus, Ioana and Hayes, Conor and Karnstedt, Marcel and Greene, Derek},
	booktitle={Proceedings of the sixth ACM international conference on Web search and data mining},
	pages={465--474},
	year={2013}
}

@inproceedings{lau2010best,
	title={Best topic word selection for topic labelling},
	author={Lau, Jey Han and Newman, David and Karimi, Sarvnaz and Baldwin, Timothy},
	booktitle={Coling 2010: Posters},
	pages={605--613},
	year={2010}
}

@inproceedings{mei2007automatic,
	title={Automatic labeling of multinomial topic models},
	author={Mei, Qiaozhu and Shen, Xuehua and Zhai, ChengXiang},
	booktitle={Proceedings of the 13th ACM SIGKDD international conference on Knowledge discovery and data mining},
	pages={490--499},
	year={2007}
}

@inproceedings{mendes2011dbpedia,
	title={DBpedia spotlight: shedding light on the web of documents},
	author={Mendes, Pablo N and Jakob, Max and Garc{\'\i}a-Silva, Andr{\'e}s and Bizer, Christian},
	booktitle={Proceedings of the 7th international conference on semantic systems},
	pages={1--8},
	year={2011}
}

@inproceedings{neumann-etal-2019-scispacy,
	title = "{S}cispa{C}y: {F}ast and {R}obust {M}odels for {B}iomedical {N}atural {L}anguage {P}rocessing",
	author = "Neumann, Mark  and
	King, Daniel  and
	Beltagy, Iz  and
	Ammar, Waleed",
	booktitle = "Proceedings of the 18th BioNLP Workshop and Shared Task",
	month = aug,
	year = "2019",
	address = "Florence, Italy",
	publisher = "Association for Computational Linguistics",
	url = "https://www.aclweb.org/anthology/W19-5034",
	doi = "10.18653/v1/W19-5034",
	pages = "319--327",
	eprint = {arXiv:1902.07669},
	abstract = "Despite recent advances in natural language processing, many statistical models for processing text perform extremely poorly under domain shift. Processing biomedical and clinical text is a critically important application area of natural language processing, for which there are few robust, practical, publicly available models. This paper describes scispaCy, a new Python library and models for practical biomedical/scientific text processing, which heavily leverages the spaCy library. We detail the performance of two packages of models released in scispaCy and demonstrate their robustness on several tasks and datasets. Models and code are available at https://allenai.github.io/scispacy/.",
}

@inproceedings{sievert2014ldavis,
	title={LDAvis: A method for visualizing and interpreting topics},
	author={Sievert, Carson and Shirley, Kenneth},
	booktitle={Proceedings of the workshop on interactive language learning, visualization, and interfaces},
	pages={63--70},
	year={2014}
}

@inproceedings{tong2016text,
	title={A text mining research based on LDA topic modelling},
	author={Tong, Zhou and Zhang, Haiyi},
	booktitle={International Conference on Computer Science, Engineering and Information Technology},
	pages={201--210},
	year={2016}
}

@inproceedings{xu2003document,
	title={Document clustering based on non-negative matrix factorization},
	author={Xu, Wei and Liu, Xin and Gong, Yihong},
	booktitle={Proceedings of the 26th annual international ACM SIGIR conference on Research and development in information retrieval},
	pages={267--273},
	year={2003}
}

@inproceedings{younus2014utilizing,
	title={Utilizing microblog data in a topic modelling framework for scientific articles’ recommendation},
	author={Younus, Arjumand and Qureshi, Muhammad Atif and Manchanda, Pikakshi and O’Riordan, Colm and Pasi, Gabriella},
	booktitle={International Conference on Social Informatics},
	pages={384--395},
	year={2014},
	organization={Springer}
}